@book{gri,
  title={Introduction to Quantum Mechanics (2nd Edition)},
  author={Griffiths, David J},
  year={2004},
  publisher={Pearson Prentice Hall}
}
@misc{nond_wiki,
   author = "{Wikipedia contributors}",
   title = "Nondimensionalization --- {Wikipedia}{,} The Free Encyclopedia",
   year = "2019",
   howpublished = "\url{https://en.wikipedia.org/w/index.php?title=Nondimensionalization&oldid=899171082}",
   note = "[Online; accessed 15-July-2019]"
 }
 @misc{sol,
   author = "{Rowe, Glenn}",
   title = "David Griffiths: Introduction to Quantum Mechanics",
   year = "2019",
   howpublished = "\url{https://physicspages.com/Griffiths%20QM.html}",
   note = "[Online; accessed 15-July-2019]"
 }
@book{schiff,
   title={Quantum mechanics, 3rd edition},
   author={Schiff, Leonard L},
   year={1968},
   publisher={McGraw-Hill} }
@misc{herm_wiki,
    author = "{Wikipedia contributors}",
    title = "Hermite polynomials --- {Wikipedia}{,} The Free Encyclopedia",
    year = "2019",
    howpublished = "\url{https://en.wikipedia.org/w/index.php?title=Hermite_polynomials&oldid=901572627}",
    note = "[Online; accessed 16-July-2019]"
  }
@misc{herm_quora,
    author = "{Emad Noujeim}",
    title = "Is there a derivation/proof of the generating function for Hermite polynomials?",
    year = "2019",
    howpublished = "\url{https://www.quora.com/Is-there-a-derivation-proof-of-the-generating-function-for-Hermite-polynomials}",
    note = "[Online; accessed 16-July-2019]"
  }
@misc{wiki_eft,
    author = "{Wikipedia contributors}",
    title = "Ehrenfest theorem --- {Wikipedia}{,} The Free Encyclopedia",
    year = "2019",
    howpublished = "\url{https://en.wikipedia.org/w/index.php?title=Ehrenfest_theorem&oldid=896346266}",
    note = "[Online; accessed 26-July-2019]"
  }
@MISC {ass_lgdeq_stack,
    TITLE = {Method of solving an Associated Legendre Equation with m=0, and m not equal to 0 with explanation - Mathematics Stack Exchange},
    AUTHOR = {DisintegratingByParts (https://math.stackexchange.com/users/112478/disintegratingbyparts)},
    HOWPUBLISHED = {\url{https://math.stackexchange.com/q/2069983}},
    NOTE = {Version: 2016-12-29},
}
@misc{fuchs,
    author = "{Wikipedia contributors}",
    title = "Fuchs' theorem --- {Wikipedia}{,} The Free Encyclopedia",
    year = "2018",
    howpublished = "\url{https://en.wikipedia.org/w/index.php?title=Fuchs%27_theorem&oldid=820339705}",
    note = "[Online; accessed 28-July-2019]"
}
@misc{wiki_ass_lgd,
    author = "{Wikipedia contributors}",
    title = "Associated Legendre polynomials --- {Wikipedia}{,} The Free Encyclopedia",
    year = "2019",
    howpublished = "\url{https://en.wikipedia.org/w/index.php?title=Associated_Legendre_polynomials&oldid=906480891}",
    note = "[Online; accessed 30-July-2019]"
}
@MISC {simuleig1,
    TITLE = {Mutual or same set of eigenfunctions if two operators commute - Physics Stack Exchange},
    AUTHOR = {John (\url{https://physics.stackexchange.com/users/99845/john})},
    HOWPUBLISHED = {\url{https://physics.stackexchange.com/q/221007}},
    NOTE = {Version: 2015-11-28},
}
@misc{simuleig2,
    author = "{Leon van Dommelen}",
    title = "D.18 Eigenfunctions of commuting operators",
    howpublished = "\url{http://www.eng.fsu.edu/~dommelen/quantum/style_a/nt_diag.html}",
    note = "[Online; accessed 31-July-2019]"
}
@book{mcq,
  title={Physical Chemistry: A Molecular Approach},
  author={McQuarrie, Donald A and Simon, John D and Choi, John},
  year={1997},
  publisher={Univ Science Books}
}
@misc{spincoeff,
    author = "{Leon van Dommelen}",
    title = "5.6 Identical Particles",
    howpublished = "\url{http://www.eng.fsu.edu/~dommelen/quantum/style_a/ident.html}",
    note = "[Online; accessed 12-August-2019]"
}
@book{atkinsqm,
  title={Molecular quantum mechanics},
  author={Atkins, Peter W and Friedman, Ronald S},
  year={2011},
  publisher={Oxford university press}
}
@misc{hughbanks,
    author = "{Timothy Hughbanks}",
    title = "Antisymmetric Wavefunctions: Slater Determinants (06/30/16)",
    howpublished = "\url{https://www.chem.tamu.edu/rgroup/hughbanks/courses/673/handouts/antisymmetry.pdf}",
    note = "[Online; accessed 17-August-2019]"
}
@book{arfken,
  title={Mathematical methods for physicists: a comprehensive guide},
  author={Arfken, George B and Weber, Hans J and Harris, Frank E},
  year={2012},
  publisher={Elsevier}
}
@misc{barton,
    author = "{Barton Zweibach}",
    title = "{C}hapter 1: {P}erturbation {T}heory ({PDF}) - 8-06 {Q}uantum {M}echanics, {MIT} {O}pen{C}ourse{W}are",
    howpublished = "\url{https://ocw.mit.edu/courses/physics/8-06-quantum-physics-iii-spring-2018/lecture-notes/MIT8_06S18ch1.pdf}",
    note = "[Online; accessed 23-August-2019]"
}
@misc{bartonyt,
    author = "{Barton Zweibach}",
    title = "{MIT} 8.06 {Q}uantum {P}hysics {III}, {S}pring 2018, {MIT} {O}pen{C}ourse{W}are - {Y}ou{T}ube",
    howpublished = "\url{https://www.youtube.com/playlist?list=PLUl4u3cNGP60Zcz8LnCDFI8RPqRhJbb4L}",
    note = "[Online; accessed 23-August-2019]"
}
@misc{wiki_pointgroup,
    author = "{Wikipedia contributors}",
    title = "Molecular symmetry --- {Wikipedia}{,} The Free Encyclopedia",
    year = "2019",
    howpublished = "\url{https://en.wikipedia.org/wiki/Molecular_symmetry#Common_point_groups}",
    note = "[Online; accessed 15-September-2019]"
}
@book{dill,
  title={Molecular driving forces: statistical thermodynamics in biology, chemistry, physics, and nanoscience},
  author={Dill, Ken and Bromberg, Sarina},
  year={2012},
  publisher={Garland Science}
}
@book{callen,
  title={Thermodynamics and an Introduction to Thermostatistics},
  author={Callen, Herbert B},
  year={1998},
  publisher={AAPT}
}
@book{laur,
  title={Statistical thermodynamics: fundamentals and applications},
  author={Laurendeau, Normand M},
  year={2005},
  publisher={Cambridge University Press}
}
@book{bl,
  title={Concepts in thermal physics},
  author={Blundell, Stephen J and Blundell, Katherine M},
  year={2009},
  publisher={OUP Oxford}
}
@misc{lgd_wiki,
  author = "{Wikipedia contributors}",
  title = "Legendre transformation --- {Wikipedia}{,} The Free Encyclopedia",
  year = "2019",
  howpublished = "\url{https://en.wikipedia.org/w/index.php?title=Legendre_transformation&oldid=906032488}",
  note = "[Online; accessed 13-July-2019]"
  }
@article{lgd_paper,
  title={Making sense of the Legendre transform},
  author={Zia, Royce KP and Redish, Edward F and McKay, Susan R},
  journal={American Journal of Physics},
  volume={77},
  number={7},
  pages={614--622},
  year={2009},
  publisher={AAPT}
}
@article{vnd,
  author = {{Versteegh}, Marijn A.~M. and {Dieks}, Dennis},
  title = "{The Gibbs paradox and the distinguishability of identical particles}",
  journal = {American Journal of Physics},
  keywords = {classical mechanics, entropy, probability, quantum theory, statistical mechanics, 05.00.00, Statistical physics thermodynamics and nonlinear dynamical systems, Condensed Matter - Statistical Mechanics},
  year = "2011",
  month = "Jul",
  volume = {79},
  number = {7},
  pages = {741-746},
  doi = {10.1119/1.3584179},
  archivePrefix = {arXiv},
  eprint = {1012.4111},
  primaryClass = {cond-mat.stat-mech},
  adsurl = {https://ui.adsabs.harvard.edu/abs/2011AmJPh..79..741V},
  adsnote = {Provided by the SAO/NASA Astrophysics Data System}
}
@misc{emform,
  author = "{Brown, Kevin}",
  title = "The Euler-Maclaurin Formula --- MathPages.com",
  howpublished = "\url{https://www.mathpages.com/home/kmath643/kmath643.htm}",
  note = "[Online; accessed 6-August-2019]"
}
